<?xml version = "1.0" encoding = "UTF-8"?><record>
  <leader>01416nam#a2200361#c#4500</leader>
  <controlfield tag="005">20210409023921.0</controlfield>
  <controlfield tag="007">tu</controlfield>
  <controlfield tag="008">080918|2008####xxu###########|||#|#eng#c</controlfield>
  <controlfield tag="003">DE-605</controlfield>
  <controlfield tag="001">990171142550206441</controlfield>
  <datafield tag="016" ind1="7" ind2=" ">
    <subfield code="a">229920989</subfield>
    <subfield code="2">OCoLC</subfield>
  </datafield>
  <datafield tag="020" ind1=" " ind2=" ">
    <subfield code="a">9780838909508</subfield>
    <subfield code="c">alk. paper : $65.00</subfield>
    <subfield code="9">978-0-8389-0950-8</subfield>
    <subfield code="0">(uri) http://www.isbnsearch.org/isbn/9780838909508</subfield>
  </datafield>
  <datafield tag="020" ind1=" " ind2=" ">
    <subfield code="a">0838909507</subfield>
    <subfield code="c">alk. paper : $65.00</subfield>
    <subfield code="9">0-8389-0950-7</subfield>
    <subfield code="0">(uri) http://www.isbnsearch.org/isbn/0838909507</subfield>
  </datafield>
  <datafield tag="035" ind1=" " ind2=" ">
    <subfield code="a">(DE-605)HT015671602</subfield>
  </datafield>
  <datafield tag="040" ind1=" " ind2=" ">
    <subfield code="a">290</subfield>
    <subfield code="b">ger</subfield>
    <subfield code="c">GBV</subfield>
    <subfield code="d">361</subfield>
    <subfield code="e">aacr</subfield>
  </datafield>
  <datafield tag="041" ind1=" " ind2=" ">
    <subfield code="a">eng</subfield>
  </datafield>
  <datafield tag="044" ind1=" " ind2=" ">
    <subfield code="c">XD-US</subfield>
  </datafield>
  <datafield tag="082" ind1="0" ind2=" ">
    <subfield code="a">025.3</subfield>
  </datafield>
  <datafield tag="084" ind1=" " ind2=" ">
    <subfield code="a">AN 74000</subfield>
    <subfield code="2">rvk</subfield>
  </datafield>
  <datafield tag="084" ind1=" " ind2=" ">
    <subfield code="a">AN 74500</subfield>
    <subfield code="2">rvk</subfield>
  </datafield>
  <datafield tag="100" ind1="1" ind2=" ">
    <subfield code="a">Maxwell, Robert L.</subfield>
    <subfield code="d">1957-</subfield>
    <subfield code="0">(DE-588)142840386</subfield>
    <subfield code="4">aut</subfield>
    <subfield code="0">(uri) https://portal.dnb.de/opac.htm?method=simpleSearch&amp;cqlMode=true&amp;query=idn=142840386</subfield>
    <subfield code="0">(uri) http://viaf.org/viaf/sourceID/DNB|142840386</subfield>
  </datafield>
  <datafield tag="245" ind1="1" ind2="0">
    <subfield code="a">FRBR</subfield>
    <subfield code="b">a guide for the perplexed</subfield>
    <subfield code="c">Robert L. Maxwell</subfield>
  </datafield>
  <datafield tag="264" ind1=" " ind2="1">
    <subfield code="a">Chicago</subfield>
    <subfield code="b">American Library Association</subfield>
    <subfield code="c">2008</subfield>
  </datafield>
  <datafield tag="300" ind1=" " ind2=" ">
    <subfield code="a">VII, 151 S. : graph. Darst.</subfield>
  </datafield>
  <datafield tag="505" ind1="0" ind2=" ">
    <subfield code="a">Inhalt: The entity-relationship model -- The FRBR entities -- Relationships -- The user tasks -- The FRBR model and the existing MARC and AACR2-based cataloging model</subfield>
    <subfield code="9">F:517c</subfield>
  </datafield>
  <datafield tag="650" ind1=" " ind2="0">
    <subfield code="a">FRBR (Conceptual model)</subfield>
  </datafield>
  <datafield tag="689" ind1="0" ind2="0">
    <subfield code="a">Functional Requirements for Bibliographic Records</subfield>
    <subfield code="D">s</subfield>
    <subfield code="0">(DE-588)7615733-7</subfield>
    <subfield code="0">(uri) https://portal.dnb.de/opac.htm?method=simpleSearch&amp;cqlMode=true&amp;query=idn=989254461</subfield>
    <subfield code="0">(uri) http://viaf.org/viaf/sourceID/DNB|989254461</subfield>
  </datafield>
  <datafield tag="856" ind1="4" ind2="2">
    <subfield code="m">V:DE-605;X:migimw</subfield>
    <subfield code="q">application/pdf</subfield>
    <subfield code="u">http://digitale-objekte.hbz-nrw.de/storage/2011/07/09/file_16/4219074.pdf</subfield>
    <subfield code="3">Inhaltsverzeichnis</subfield>
    <subfield code="9">O:PKN</subfield>
  </datafield>
  <datafield tag="964" ind1="0" ind2="s">
    <subfield code="F">030</subfield>
    <subfield code="A">a|5zk||z|0017</subfield>
  </datafield>
  <datafield tag="964" ind1="0" ind2="s">
    <subfield code="F">050</subfield>
    <subfield code="A">a|a|||||||</subfield>
  </datafield>
  <datafield tag="964" ind1="0" ind2="s">
    <subfield code="F">051</subfield>
    <subfield code="A">m|||||</subfield>
  </datafield>
  <datafield tag="035" ind1=" " ind2=" ">
    <subfield code="a">(OCoLC)229920989</subfield>
    <subfield code="0">(uri) http://www.worldcat.org/oclc/229920989</subfield>
  </datafield>
  <datafield tag="035" ind1=" " ind2=" ">
    <subfield code="a">(DE-599)HBZHT015671602</subfield>
  </datafield>
  <datafield tag="MBD" ind1=" " ind2=" ">
    <subfield code="M">49HBZ_NETWORK</subfield>
    <subfield code="i">990171142550206441</subfield>
    <subfield code="n">HBZ Network</subfield>
  </datafield>
  <datafield tag="MBD" ind1=" " ind2=" ">
    <subfield code="M">49HBZ_UBD</subfield>
    <subfield code="i">991011741359706445</subfield>
    <subfield code="n">Technische Universit&#228;t Dortmund</subfield>
  </datafield>
  <datafield tag="020" ind1=" " ind2=" ">
    <subfield code="a">9780838909508</subfield>
    <subfield code="c">alk. paper : $65.00</subfield>
    <subfield code="9">978-0-8389-0950-8</subfield>
    <subfield code="M">49HBZ_UBD</subfield>
  </datafield>
  <datafield tag="020" ind1=" " ind2=" ">
    <subfield code="a">0838909507</subfield>
    <subfield code="c">alk. paper : $65.00</subfield>
    <subfield code="9">0-8389-0950-7</subfield>
    <subfield code="M">49HBZ_UBD</subfield>
  </datafield>
  <datafield tag="505" ind1="0" ind2=" ">
    <subfield code="a">Inhalt: The entity-relationship model -- The FRBR entities -- Relationships -- The user tasks -- The FRBR model and the existing MARC and AACR2-based cataloging model</subfield>
    <subfield code="9">F:517c</subfield>
    <subfield code="M">49HBZ_UBD</subfield>
  </datafield>
  <datafield tag="856" ind1="4" ind2="2">
    <subfield code="m">V:DE-605;X:migimw</subfield>
    <subfield code="q">application/pdf</subfield>
    <subfield code="u">http://digitale-objekte.hbz-nrw.de/storage/2011/07/09/file_16/4219074.pdf</subfield>
    <subfield code="3">Inhaltsverzeichnis</subfield>
    <subfield code="9">O:PKN</subfield>
    <subfield code="M">49HBZ_UBD</subfield>
  </datafield>
  <datafield tag="980" ind1="1" ind2=" ">
    <subfield code="e">HBZ</subfield>
    <subfield code="9">LOCAL</subfield>
    <subfield code="M">49HBZ_UBD</subfield>
  </datafield>
  <datafield tag="981" ind1=" " ind2=" ">
    <subfield code="a">(DE-290)1231847</subfield>
    <subfield code="9">LOCAL</subfield>
    <subfield code="M">49HBZ_UBD</subfield>
  </datafield>
  <datafield tag="997" ind1=" " ind2=" ">
    <subfield code="a">20080918</subfield>
    <subfield code="9">LOCAL</subfield>
    <subfield code="M">49HBZ_UBD</subfield>
  </datafield>
  <datafield tag="MBD" ind1=" " ind2=" ">
    <subfield code="M">49HBZ_BIE</subfield>
    <subfield code="i">991011838949706442</subfield>
    <subfield code="n">Universit&#228;t Bielefeld</subfield>
  </datafield>
  <datafield tag="020" ind1=" " ind2=" ">
    <subfield code="a">9780838909508</subfield>
    <subfield code="c">alk. paper : $65.00</subfield>
    <subfield code="9">978-0-8389-0950-8</subfield>
    <subfield code="M">49HBZ_BIE</subfield>
  </datafield>
  <datafield tag="020" ind1=" " ind2=" ">
    <subfield code="a">0838909507</subfield>
    <subfield code="c">alk. paper : $65.00</subfield>
    <subfield code="9">0-8389-0950-7</subfield>
    <subfield code="M">49HBZ_BIE</subfield>
  </datafield>
  <datafield tag="505" ind1="0" ind2=" ">
    <subfield code="a">Inhalt: The entity-relationship model -- The FRBR entities -- Relationships -- The user tasks -- The FRBR model and the existing MARC and AACR2-based cataloging model</subfield>
    <subfield code="9">F:517c</subfield>
    <subfield code="M">49HBZ_BIE</subfield>
  </datafield>
  <datafield tag="856" ind1="4" ind2="2">
    <subfield code="m">V:DE-605;X:migimw</subfield>
    <subfield code="q">application/pdf</subfield>
    <subfield code="u">http://digitale-objekte.hbz-nrw.de/storage/2011/07/09/file_16/4219074.pdf</subfield>
    <subfield code="3">Inhaltsverzeichnis</subfield>
    <subfield code="9">O:PKN</subfield>
    <subfield code="M">49HBZ_BIE</subfield>
  </datafield>
  <datafield tag="980" ind1="1" ind2=" ">
    <subfield code="e">HBZ</subfield>
    <subfield code="9">LOCAL</subfield>
    <subfield code="M">49HBZ_BIE</subfield>
  </datafield>
  <datafield tag="981" ind1=" " ind2=" ">
    <subfield code="a">(DE-361)2205465</subfield>
    <subfield code="9">LOCAL</subfield>
    <subfield code="M">49HBZ_BIE</subfield>
  </datafield>
  <datafield tag="983" ind1=" " ind2=" ">
    <subfield code="b">AD534</subfield>
    <subfield code="9">LOCAL</subfield>
    <subfield code="M">49HBZ_BIE</subfield>
  </datafield>
  <datafield tag="997" ind1=" " ind2=" ">
    <subfield code="a">20110314</subfield>
    <subfield code="9">LOCAL</subfield>
    <subfield code="M">49HBZ_BIE</subfield>
  </datafield>
  <datafield tag="MNG" ind1=" " ind2=" ">
    <subfield code="c">System</subfield>
    <subfield code="f">ILS</subfield>
    <subfield code="i">marc21</subfield>
    <subfield code="k">01</subfield>
    <subfield code="e">false</subfield>
    <subfield code="d">2021-04-09 02:39:21 Europe/Berlin</subfield>
    <subfield code="g">017114255-HBZ01</subfield>
    <subfield code="j">60</subfield>
    <subfield code="a">import</subfield>
    <subfield code="b">2021-04-05 10:23:52 Europe/Berlin</subfield>
  </datafield>
  <datafield tag="H52" ind1=" " ind2=" ">
    <subfield code="b">ZB</subfield>
    <subfield code="c">Freihand</subfield>
    <subfield code="8">22199326610006445</subfield>
  </datafield>
  <datafield tag="HOL" ind1=" " ind2=" ">
    <subfield code="b">2021-04-19 15:34:30</subfield>
    <subfield code="8">22199326610006445</subfield>
    <subfield code="M">49HBZ_UBD</subfield>
    <subfield code="g">false</subfield>
    <subfield code="a">import</subfield>
  </datafield>
  <datafield tag="ITM" ind1=" " ind2=" ">
    <subfield code="H">22199326610006445</subfield>
    <subfield code="x">Freihand</subfield>
    <subfield code="f">BOOK</subfield>
    <subfield code="v">Freihand</subfield>
    <subfield code="X">System</subfield>
    <subfield code="U">2021-04-19 10:59:00</subfield>
    <subfield code="Y">2021-04-19 15:34:58</subfield>
    <subfield code="h">false</subfield>
    <subfield code="n">A 12200</subfield>
    <subfield code="G">1</subfield>
    <subfield code="M">49HBZ_UBD</subfield>
    <subfield code="s">1</subfield>
    <subfield code="d">#</subfield>
    <subfield code="V">import</subfield>
    <subfield code="L">ClassificationNo: 100 | SISIS-Magazindrucker: 0 | HBZ01: HT015671602</subfield>
    <subfield code="b">20139223</subfield>
    <subfield code="O">SISIS-Ausleihz&#228;hler vorletztes Migrationsjahr: 0 | SISIS-Vormerkz&#228;hler Migrationsjahr: 0 | SISIS-vorletztes R&#252;ckgabedatum: 2015-02-20 | SISIS-Buchdaten-Aufnahmedatum: 2008-10-24</subfield>
    <subfield code="N">Fernleihkonditionen: 0 | Sigel: 290 | Klassifikation: 100 | Altersbegrenzung: 0 | SISIS-Ausleihz&#228;hler Migrationsjahr: 0 | SISIS-Ausleihz&#228;hler Vor-Migrationsjahr: 0</subfield>
    <subfield code="a">23199326600006445</subfield>
    <subfield code="B">ZB-6378</subfield>
    <subfield code="W">2021-04-19 15:34:30</subfield>
    <subfield code="u">ZB</subfield>
    <subfield code="w">ZB</subfield>
  </datafield>
  <datafield tag="H52" ind1="8" ind2=" ">
    <subfield code="b">UB_BI</subfield>
    <subfield code="c">01_Mono</subfield>
    <subfield code="h">AD530 M465</subfield>
    <subfield code="8">22278788370006442</subfield>
  </datafield>
  <datafield tag="HOL" ind1=" " ind2=" ">
    <subfield code="b">2021-04-19 05:39:34</subfield>
    <subfield code="8">22278788370006442</subfield>
    <subfield code="M">49HBZ_BIE</subfield>
    <subfield code="g">false</subfield>
    <subfield code="a">import</subfield>
  </datafield>
  <datafield tag="ITM" ind1=" " ind2=" ">
    <subfield code="H">22278788370006442</subfield>
    <subfield code="x">01_Mono</subfield>
    <subfield code="f">BOOK</subfield>
    <subfield code="v">01_Mono</subfield>
    <subfield code="p">item_08</subfield>
    <subfield code="X">Cutover_Fix_OSID</subfield>
    <subfield code="U">2021-04-18 10:59:00</subfield>
    <subfield code="Y">2021-04-19 05:40:04</subfield>
    <subfield code="h">false</subfield>
    <subfield code="M">49HBZ_BIE</subfield>
    <subfield code="s">1</subfield>
    <subfield code="d">8</subfield>
    <subfield code="V">import</subfield>
    <subfield code="L">Abteilung/Standort/Haushaltsstufe: 1 | SISIS-Magazindrucker: 0 | HBZ01: HT015671602 | Keine Beilagen: 1</subfield>
    <subfield code="b">018/4273175+01</subfield>
    <subfield code="O">SISIS-Ausleihz&#228;hler vorletztes Migrationsjahr: 0 | SISIS-Vormerkz&#228;hler Migrationsjahr: 0 | SISIS-Buchdaten-Aufnahmedatum: 2011-03-14</subfield>
    <subfield code="N">Fernleihkonditionen: 0 | Sigel: 361 | Klassifikation: 01_Mono | Altersbegrenzung: 0 | SISIS-Ausleihz&#228;hler Migrationsjahr: 0 | SISIS-Ausleihz&#228;hler Vor-Migrationsjahr: 0</subfield>
    <subfield code="a">23278788360006442</subfield>
    <subfield code="c">AD530 M465</subfield>
    <subfield code="B">11-3373</subfield>
    <subfield code="W">2021-04-19 05:39:34</subfield>
    <subfield code="u">UB_BI</subfield>
    <subfield code="w">UB_BI</subfield>
  </datafield>
</record>